<?xml version="1.0" encoding="UTF-8"?><record xmlns="http://www.loc.gov/MARC21/slim" xmlns:cinclude="http://apache.org/cocoon/include/1.0" xmlns:zs="http://www.loc.gov/zing/srw/">
  <leader>00474nz  a2200121n  4500</leader>
  <controlfield tag="001">n  84049431 </controlfield>
  <controlfield tag="003">DLC</controlfield>
  <controlfield tag="005">19840917135935.8</controlfield>
  <controlfield tag="008">840730n| acannaab|          |n aaa ||| a</controlfield>
  <datafield tag="010" ind1=" " ind2=" ">
    <subfield code="a">n  84049431 </subfield>
  </datafield>
  <datafield tag="040" ind1=" " ind2=" ">
    <subfield code="a">DNAL</subfield>
    <subfield code="c">DLC</subfield>
    <subfield code="d">DLC</subfield>
  </datafield>
  <datafield tag="100" ind1="1" ind2="0">
    <subfield code="a">Lehmann, Eckehard M. A.,</subfield>
    <subfield code="d">1951-</subfield>
  </datafield>
  <datafield tag="670" ind1=" " ind2=" ">
    <subfield code="a">His Vergleichende Untersuchungen z. Bestim. d. Harnstoffgehaltes i. Mischspeichel u. Blut v. Rindern mit photometrischen u. Schnelltestverfahren, 1983:</subfield>
    <subfield code="b">t.p. (Eckehard M.A. Lehmann) p. 105 (b. 5-3-51)</subfield>
  </datafield>
</record>